<record><leader>00000cas a2200000 a 4500</leader><controlfield tag="001">10553708</controlfield><controlfield tag="008">840323c19839999caudr ne      0   a0eng  </controlfield><datafield ind1=" " ind2=" " tag="010"><subfield code="a">sn 84020283 </subfield></datafield><datafield ind1=" " ind2=" " tag="040"><subfield code="a">DLC</subfield><subfield code="b">eng</subfield><subfield code="c">DLC</subfield><subfield code="d">NSD</subfield><subfield code="d">DLC</subfield><subfield code="d">CNK</subfield><subfield code="d">DLC</subfield><subfield code="d">CNK</subfield><subfield code="d">DLC</subfield><subfield code="d">NYS</subfield><subfield code="d">CASUM</subfield><subfield code="d">CUI</subfield><subfield code="d">OCLCQ</subfield><subfield code="d">OCLCO</subfield><subfield code="d">OCLCQ</subfield><subfield code="d">OCLCF</subfield></datafield><datafield ind1=" " ind2=" " tag="019"><subfield code="a">15986103</subfield></datafield><datafield ind1="1" ind2=" " tag="022"><subfield code="a">0747-2099</subfield><subfield code="l">0747-2099</subfield><subfield code="2">1</subfield></datafield><datafield ind1="1" ind2=" " tag="029"><subfield code="a">AU@</subfield><subfield code="b">000020433992</subfield></datafield><datafield ind1=" " ind2=" " tag="032"><subfield code="a">480260</subfield><subfield code="b">USPS</subfield></datafield><datafield ind1=" " ind2=" " tag="037"><subfield code="b">San Jose Mercury news, 750 Ridder Park Drive, San Jose, CA 95190</subfield></datafield><datafield ind1=" " ind2=" " tag="042"><subfield code="a">pcc</subfield><subfield code="a">nsdp</subfield></datafield><datafield ind1=" " ind2=" " tag="043"><subfield code="a">n-us-ca</subfield></datafield><datafield ind1="0" ind2="0" tag="050"><subfield code="a">Newspaper 7200</subfield></datafield><datafield ind1="1" ind2="4" tag="050"><subfield code="a">AN</subfield></datafield><datafield ind1=" " ind2="0" tag="222"><subfield code="a">San Jose Mercury news</subfield></datafield><datafield ind1="0" ind2="0" tag="245"><subfield code="a">San Jose Mercury-news.</subfield></datafield><datafield ind1="3" ind2="0" tag="246"><subfield code="a">Mercury-news</subfield></datafield><datafield ind1=" " ind2=" " tag="260"><subfield code="a">San Jose, Calif. :</subfield><subfield code="b">P.A. Ridder,</subfield><subfield code="c">1983-</subfield></datafield><datafield ind1=" " ind2=" " tag="300"><subfield code="a">v.</subfield></datafield><datafield ind1=" " ind2=" " tag="310"><subfield code="a">Daily</subfield></datafield><datafield ind1="0" ind2=" " tag="362"><subfield code="a">132nd year, no. 171 (Aug. 29, 1983)-</subfield></datafield><datafield ind1=" " ind2=" " tag="500"><subfield code="a">Also published an "Alameda County" ed., &lt;2001&gt;.</subfield></datafield><datafield ind1=" " ind2=" " tag="530"><subfield code="a">Also issued on microfilm from Bell &amp; Howell Information and Learning.</subfield></datafield><datafield ind1=" " ind2=" " tag="530"><subfield code="a">Also issued online.</subfield></datafield><datafield ind1=" " ind2=" " tag="580"><subfield code="a">Free ethnic supplements: Nuevo mundo (San Jose, Calif.), &lt;2001&gt;; Vie&#803;&#770;t Mercury, &lt;2001&gt;.</subfield></datafield><datafield ind1=" " ind2=" " tag="588"><subfield code="a">Latest issue consulted: Vol. 151, no. 1 (June 20, 2001).</subfield></datafield><datafield ind1=" " ind2="0" tag="651"><subfield code="a">San Jose (Calif.)</subfield><subfield code="v">Newspapers.</subfield></datafield><datafield ind1=" " ind2="0" tag="651"><subfield code="a">Santa Clara County (Calif.)</subfield><subfield code="v">Newspapers.</subfield></datafield><datafield ind1=" " ind2="0" tag="651"><subfield code="a">Alameda County (Calif.)</subfield><subfield code="v">Newspapers.</subfield></datafield><datafield ind1=" " ind2="4" tag="651"><subfield code="a">San Jose (Calif.)</subfield></datafield><datafield ind1=" " ind2="7" tag="655"><subfield code="a">Newspapers.</subfield><subfield code="2">fast</subfield><subfield code="0">(OCoLC)fst01423814</subfield></datafield><datafield ind1=" " ind2="7" tag="651"><subfield code="a">California</subfield><subfield code="z">Alameda County.</subfield><subfield code="2">fast</subfield><subfield code="0">(OCoLC)fst01205577</subfield></datafield><datafield ind1=" " ind2="7" tag="651"><subfield code="a">California</subfield><subfield code="z">San Jose.</subfield><subfield code="2">fast</subfield><subfield code="0">(OCoLC)fst01206320</subfield></datafield><datafield ind1=" " ind2="7" tag="651"><subfield code="a">California</subfield><subfield code="z">Santa Clara County.</subfield><subfield code="2">fast</subfield><subfield code="0">(OCoLC)fst01206015</subfield></datafield><datafield ind1=" " ind2=" " tag="752"><subfield code="a">United States</subfield><subfield code="b">California</subfield><subfield code="c">Santa Clara</subfield><subfield code="d">San Jose.</subfield></datafield><datafield ind1=" " ind2=" " tag="752"><subfield code="a">United States</subfield><subfield code="b">California</subfield><subfield code="c">Alameda.</subfield></datafield><datafield ind1="1" ind2=" " tag="770"><subfield code="t">Nuevo mundo (San Jose, Calif.)</subfield><subfield code="g">&lt;2001&gt;</subfield><subfield code="w">(DLC)sn2001061814</subfield><subfield code="w">(OCoLC)47258668</subfield></datafield><datafield ind1="1" ind2=" " tag="770"><subfield code="t">Vie&#803;&#770;t Mercury</subfield><subfield code="g">&lt;2001&gt;</subfield><subfield code="w">(DLC)sn2001061815</subfield><subfield code="w">(OCoLC)47258670</subfield></datafield><datafield ind1="0" ind2="4" tag="780"><subfield code="t">San Jose Mercury (San Jose, Calif. : 1950)</subfield><subfield code="w">(DLC)sn 82015709</subfield><subfield code="w">(OCoLC)8840764</subfield></datafield><datafield ind1="0" ind2="4" tag="780"><subfield code="t">San Jose news</subfield><subfield code="w">(DLC)sn 98061892</subfield><subfield code="w">(OCoLC)40357360</subfield></datafield><datafield ind1="4" ind2="2" tag="856"><subfield code="u">http://www.bayarea.com</subfield></datafield></record>